[gd_resource type="Theme" load_steps=17 format=3 uid="uid://dvdxmk7ixy6rj"]

[ext_resource type="FontFile" uid="uid://cf7arsxp2gc6g" path="res://art/fonts/reggae_one.ttf" id="1_5h3ux"]
[ext_resource type="StyleBox" uid="uid://mve3l10o28ai" path="res://resources/ui/button_default.tres" id="1_5q7ve"]
[ext_resource type="StyleBox" uid="uid://b56unv1jadhvf" path="res://resources/ui/panel_default.tres" id="1_16gci"]
[ext_resource type="StyleBox" uid="uid://cmm42r6ddkc1q" path="res://resources/ui/separator_default.tres" id="2_o4cub"]
[ext_resource type="StyleBox" uid="uid://4s78ectd7s2k" path="res://resources/ui/panel_alt.tres" id="2_y5ete"]
[ext_resource type="StyleBox" uid="uid://6ipj0diuc78o" path="res://resources/ui/button_overlay_hover.tres" id="4_0t6w0"]
[ext_resource type="StyleBox" uid="uid://yeks34j0mcw1" path="res://resources/ui/button_overlay.tres" id="4_1q1ni"]
[ext_resource type="StyleBox" uid="uid://cjs4cfdtkd6xr" path="res://resources/ui/button_overlay_focus.tres" id="4_sib4a"]
[ext_resource type="StyleBox" uid="uid://cu7jqdc14sar6" path="res://resources/ui/button_overlay_pressed.tres" id="6_sj0sy"]
[ext_resource type="StyleBox" uid="uid://bv4sk6c6ltlt" path="res://resources/ui/tab_default_selected.tres" id="9_8x1wg"]
[ext_resource type="StyleBox" uid="uid://d2p4m4nku8hgj" path="res://resources/ui/tab_default_unselected.tres" id="10_6vwmc"]
[ext_resource type="Texture2D" uid="uid://bxw3nohgjpchw" path="res://art/textures/ui/up_scroll.png" id="11_okbxi"]
[ext_resource type="Texture2D" uid="uid://ct6l0uswkus13" path="res://art/textures/ui/down_scroll.png" id="12_x28y3"]

[sub_resource type="StyleBoxFlat" id="StyleBoxFlat_5qe0l"]
corner_radius_top_left = 8
corner_radius_top_right = 8
corner_radius_bottom_right = 8
corner_radius_bottom_left = 8

[sub_resource type="StyleBoxEmpty" id="StyleBoxEmpty_m5wks"]

[sub_resource type="StyleBoxEmpty" id="StyleBoxEmpty_v8dge"]

[resource]
default_font = ExtResource("1_5h3ux")
Button/styles/normal = ExtResource("1_5q7ve")
HSeparator/styles/separator = ExtResource("2_o4cub")
HeaderLarge/font_sizes/font_size = 48
HeaderMedium/font_sizes/font_size = 32
HeaderSmall/font_sizes/font_size = 24
InnerPanel/base_type = &"PanelContainer"
InnerPanel/styles/panel = ExtResource("2_y5ete")
MarginContainer/constants/margin_bottom = 16
MarginContainer/constants/margin_left = 16
MarginContainer/constants/margin_right = 16
MarginContainer/constants/margin_top = 16
OverlayButton/base_type = &"Button"
OverlayButton/styles/focus = ExtResource("4_sib4a")
OverlayButton/styles/hover = ExtResource("4_0t6w0")
OverlayButton/styles/normal = ExtResource("4_1q1ni")
OverlayButton/styles/pressed = ExtResource("6_sj0sy")
Panel/styles/panel = ExtResource("1_16gci")
PanelContainer/styles/panel = ExtResource("1_16gci")
TabContainer/font_sizes/font_size = 24
TabContainer/styles/panel = ExtResource("1_16gci")
TabContainer/styles/tab_selected = ExtResource("9_8x1wg")
TabContainer/styles/tab_unselected = ExtResource("10_6vwmc")
VScrollBar/icons/decrement = ExtResource("11_okbxi")
VScrollBar/icons/increment = ExtResource("12_x28y3")
VScrollBar/styles/grabber = SubResource("StyleBoxFlat_5qe0l")
VScrollBar/styles/scroll = SubResource("StyleBoxEmpty_m5wks")
VScrollBar/styles/scroll_focus = SubResource("StyleBoxEmpty_v8dge")
